<record><leader>00000cas a2200000 a 4500</leader><controlfield tag="001">29434315</controlfield><controlfield tag="008">931206d1858186uiluwr ne      0   a0eng c</controlfield><datafield ind1=" " ind2=" " tag="010"><subfield code="a">sn 93063981 </subfield></datafield><datafield ind1=" " ind2=" " tag="040"><subfield code="a">NYS</subfield><subfield code="b">eng</subfield><subfield code="c">NYS</subfield><subfield code="d">NVF</subfield><subfield code="d">OCL</subfield><subfield code="d">CVF</subfield><subfield code="d">NVF</subfield><subfield code="d">UKMGB</subfield><subfield code="d">OCLCF</subfield><subfield code="d">NVF</subfield><subfield code="d">OCLCO</subfield></datafield><datafield ind1="7" ind2=" " tag="016"><subfield code="a">013939510</subfield><subfield code="2">Uk</subfield></datafield><datafield ind1="1" ind2=" " tag="029"><subfield code="a">AU@</subfield><subfield code="b">000010738221</subfield></datafield><datafield ind1=" " ind2=" " tag="042"><subfield code="a">pcc</subfield></datafield><datafield ind1=" " ind2=" " tag="043"><subfield code="a">n-us-il</subfield></datafield><datafield ind1="0" ind2="0" tag="245"><subfield code="a">Marengo journal.</subfield></datafield><datafield ind1=" " ind2=" " tag="260"><subfield code="a">Marengo, McHenry Co., Ill. :</subfield><subfield code="b">Edward Burnside</subfield></datafield><datafield ind1=" " ind2=" " tag="300"><subfield code="a">v.</subfield></datafield><datafield ind1=" " ind2=" " tag="310"><subfield code="a">Weekly</subfield></datafield><datafield ind1="1" ind2=" " tag="362"><subfield code="a">Began in 1858?</subfield></datafield><datafield ind1=" " ind2=" " tag="580"><subfield code="a">Merged with: Woodstock Democrat and McHenry County advocate, to form: McHenry County union.</subfield></datafield><datafield ind1=" " ind2=" " tag="588"><subfield code="a">Description based on: Vol. 4, no. 27 (Apr. 13, 1861).</subfield></datafield><datafield ind1=" " ind2=" " tag="588"><subfield code="a">Latest issue consulted: Vol. 4, no. 49 (Sept. 14, 1861).</subfield></datafield><datafield ind1=" " ind2="0" tag="651"><subfield code="a">Marengo (Ill.)</subfield><subfield code="v">Newspapers.</subfield></datafield><datafield ind1=" " ind2="7" tag="651"><subfield code="a">Illinois</subfield><subfield code="z">Marengo.</subfield><subfield code="2">fast</subfield><subfield code="0">(OCoLC)fst01232878</subfield></datafield><datafield ind1=" " ind2="7" tag="655"><subfield code="a">Newspapers.</subfield><subfield code="2">fast</subfield><subfield code="0">(OCoLC)fst01423814</subfield></datafield><datafield ind1=" " ind2=" " tag="752"><subfield code="a">United States</subfield><subfield code="b">Illinois</subfield><subfield code="c">McHenry</subfield><subfield code="d">Marengo.</subfield></datafield><datafield ind1="1" ind2="7" tag="785"><subfield code="t">Woodstock Democrat and McHenry County advocate</subfield><subfield code="w">(DLC)sn 94054429</subfield><subfield code="w">(OCoLC)30756591</subfield></datafield><datafield ind1="1" ind2="7" tag="785"><subfield code="t">McHenry County union</subfield><subfield code="w">(DLC)sn 94054430</subfield><subfield code="w">(OCoLC)30756674</subfield></datafield></record>